@book{Beesley2010.book,
	author = "P. Beesley",
	title = "Hylozoic Ground: Liminal Responsive Architectures",
	year = "2010",
	publisher =  "Riverside Architectural Press",
	address= "Toronto, ON, Canada"
}


@book{Beesley2007.book,
	author = "P. Beesley",
	title = "Kinetic Architectures and Geotextile Installations", 
	year = 2007,
	publisher = "Riverside Architectural Press",
	address = "Toronto, ON, Canada"
}


@book{Beesley2012.book,
	author = "P. Beesley",
	title = "Sibyl",
	publisher = "Riverside Architectural Press",
	address = "Toronto, ON, Canada",
	year = 2012
}

@inproceedings{Edmonds2004,
	author = "E. Edmonds and G. Turner and L. Candy",
	booktitle = "The 2nd international conference on Computer graphics and interactive techniques in Australasia and South East Asia",
	address = "Singapore",
	title = "Approaches to interactive art systems",
	year = "2004"
}

@article{Drummond2009,
	author = "J. Drummond",
	journal = "Organised Sound",
	number = 2,
	pages = "124-133",
	title = "Understanding Interactive Systems",
	volume = 14,
	year = 2009
}

@inproceedings{Costello2005,
	author = "B. Costello and L. Muller and S. Amitani and E. Edmonds",
	booktitle = "The second Australasian conference on Interactive entertainment",
	address = "Sydney, Australia",
	title = "Understanding the Experience of Interactive Art: lamascope in Beta\_space",
	year = 2005
}

@inproceedings{Wands2005,
	author = "B. Wands",
	booktitle = "The 5th conference on Creativity \& Cognition",
	address = "London, U. K.",
	title = "Variations: an interactive musical sculpture",
	year = 2005,
}

@misc{hangar,
	author = "Hangar.org",
	title = "Interactive Architecture",
	howpublished = "\url{http://www.hangar.org/docs/docs_lab/IA.pdf}"
}

@inproceedings{Dragan2015,
	author = "A. D. Dragan and S. Bauman and J. Forlizzi and S. S. Srinivasa",
	booktitle = "Proceedings of the Tenth Annual ACM/IEEE International Conference on Human-Robot Interaction",
	title = "Effects of Robot Motion on Human-Robot Collaboration",
	year = 2015
}

@book{Dragan2014,
	author = "A. Dragan and R. Holladay and S. Srinivasa",
	publisher = "in Robotics: Science and Systems",
	title = "An Analysis of Deceptive Robot Motion",
	year = 2014
}

@article{Gielniak2013,
	author = "M. J. Gielniak and K. C. Liu and L. A. Thomaz",
	journal = "The International Journal of Robotics Research",r = 11,
	pages = "1275-1301",
	title = "Generating human-like motion for robots",
	volume = 32,
	year = 2013
}

@article{Bedau2000,
	author = "M. A. Bedau and J. S. McCaskill and N. H. Packard and S. Rasmussen and C. Adami and D. G. Green and T. Ikegami and K. Kaneko and T. S. Ray",
	journal = "Artificial Life",
	pages = "365-376",
	title = "Open Problems in Artificial Life",
	volume = 6,
	year = 2000
}

@misc{Minimaforms,
	author = "Minimaforms",
	title = "Petting Zoo FRAC Centre",
	howpublished = "\url{http://minimaforms.com/petting-zoo-frac}"
}

@article{Ikegami2013,
	author = "T. Ikegami",
	journal = "Artificial Life",
	pages = "387-400",
	title = "A Design for Living Technology: Experiments with the Mind Time Machine",
	volume = 19,
	year = 2013
}


@article{Lungarella2003,
	author = "M. Lungarella and G. Metta and R. Pfeifer and G. Sandini",
	journal = "Connection Science",
	number = 4,
	pages = "151-190",
	title = "Developmental robotics: a survey",
	volume = 15,
	year = 2003
}

@article{Asada2009,
	author = "M. Asada and K. Hosoda and Y. Kuniyoshi and H. Ishiguro and T. Inui and Y. Yoshikawa and M. Ogino and C. Yoshida",
	journal = "IEEE Transactions on Autonomous Mental Development",
	number = 1,
	pages = "12-34",
	title = "Cognitive Developmental Robotics: A Survey",
	volume = 1,
	year = 2009
}

@inproceedings{Kompella2014,
	address = "Beijing, China",
	author = "V. R. Kompella and M. F. Stollenga and M. D. Luciw and J. Schmidhuber",
	booktitle = "International Joint Conference on Neural Networks",
	title = "Explore to See, Learn to Perceive, Get the Actions for Free: SKILLABILITY",
	year = 2014
}

@article{Oudeyer2007,
	author = "P.-Y. Oudeyer and F. Kaplan and V. V. Hafner",
	journal = "IEEE Transactions on Evolutionary Computation",
	number = 2,
	pages = "265-286",
	title = "Intrinsic Motivation Systems for Autonomous Mental Development",
	volume = 11,
	year = 2007
}

@article{Tokic2010,
	author = "M. Tokic",
	journal = "KI 2010: Advances in Artificial Intelligence",
	pages = "203-210",
	title = "Adaptive e-greedy exploration in reinforcement learning based on value differences",
	volume = 6359,
	year = 2010
}

@book{arbib2003handbook,
	title="The handbook of brain theory and neural networks",
	author="Arbib, Michael A",
	year="2003",
	publisher="MIT press"
}


@inproceedings{Chan2015,
	author = "Chan, Matthew TK and Gorbet, Rob and Beesley, Philip and Kuli\'{c}, Dana",
	booktitle = "IEEE International Conference on Intelligent Robots and Systems,",
	title = "Curiosity-Based Learning Algorithm for Distributed Interactive Sculptural Systems",
	address = "Hamburg, Germany",
	year = "2015"
}

@inproceedings{Oudeyer2005,
	author = "Pierre-Yves Oudeyer, Frédéric Kaplan, Verena V Hafner, and Andrew Whyte",
	booktitle = "Proceedings of the AAAI Spring Symposium on Developmental Robotics",
	title = "The playground experiment: Task-independent development of a curious robot",
	pages = "42-47",
	address = "Stanford, California",
	year = "2005"
}

@article{Gorbet2015,
	author = "R. Gorbet, M. Memarian, M. Chan, D. Kuli\'{c}, and P. Beesley",
	journal = "Next Generation Building",
	title = " Evolving Systems within Immersive Architectural Environments: New Research by the Living Architecture Systems Group",
	year = 2015
}

@inproceedings{Beazley2005,
	author = " David Beazley",
	booktitle = "PyCON Python Conference",
	title = "Understanding the Python GIL",
	address = "Atlanta, Georgia",
	year = "2010"
}
@misc{JouleHeating,
	author = "electrical4u.com",
   	title  = "Joules Law of Heating",
   	howpublished   = "\url{http://www.electrical4u.com/joules-law}",
   	note = "Accessed: 2015-12-29"
}

@misc{FlexinolTechSpecs,
	author  = "Dynalloy Inc.",
	title         = "Technical Characteristics of Flexinol® Actuator Wires (Rev. 12)",
	howpublished = "\url{http://www.dynalloy.com/pdfs/TCF1140.pdf}",
	note = "Accessed: 2015-12-29"
}

@misc{NewtonLawOfCooling,
	author = "The Engineering ToolBox",
	title = "Convective Heat Transfer",
	howpublished = "\url{http://www.engineeringtoolbox.com/convective-heat-transfer-d_430.html}",
	note = "Accessed: 2015-12-29"
}
@misc{CreeLEDDatasheet,
	author = "Cree",
	title = "Cree 5mm Round LED C503C-WAS/WAN",
	howpublished = "\url{http://www.cree.com/~/media/Files/Cree/LED%20Components%20and%20Modules/HB/Data%20Sheets/C503C%20WAS%20WAN%201098.pdf}",
	note = "Accessed: 2015-12-30"
}


