
@book{Beesley2010,
  address = {Toronto, Ontario, Canada},
  title = {Kinetic {{Architectures}} \& {{Geotextile Installations}}},
  isbn = {0-9809856-9-2},
  timestamp = {2016-01-12T23:10:20Z},
  publisher = {{Riverside Architectural Press}},
  author = {{Beesley}, Philip and {Macy}, Christine},
  year = {2010}
}

@inproceedings{Wands2005,
  title = {Variations : {{An Interactive Musical Sculpture}}},
  isbn = {1-59593-025-6},
  timestamp = {2016-01-12T23:10:21Z},
  booktitle = {C\&C '05 {{Proceedings}} of the 5th conference on {{Creativity}} \& cognition},
  publisher = {{ACM}},
  author = {{Wands}, Bruce},
  year = {2005},
  pages = {306--309},
  file = {Attachment:C\:\\Users\\Matthew\\AppData\\Roaming\\Zotero\\Zotero\\Profiles\\emc4gks2.default\\zotero\\storage\\WZQ3DKQV\\Oudeyer et al. - 2014 - Understanding Interactive Systems(2).pdf:application/pdf}
}

@book{Beesley2012,
  address = {Kitchener, Ontario},
  edition = {1},
  title = {Sibyl: {{New Responsive Immersive Architecture Projects}} 2010-12},
  isbn = {978-1-926724-17-1},
  timestamp = {2016-01-12T23:10:21Z},
  publisher = {{Riverside Architectural Press}},
  author = {{Beesley}, Philip},
  year = {2012}
}

@article{Ikegami2013,
  title = {A design for living technology: {{Experiments}} with the mind time machine},
  volume = {19},
  issn = {10645462},
  doi = {10.1162/ARTL},
  timestamp = {2016-01-12T23:10:21Z},
  number = {3/4},
  journal = {Artificial Life},
  author = {{Ikegami}, Takashi},
  year = {2013},
  pages = {387--400},
  file = {Ikegami - 2013 - A design for living technology Experiments with the mind time machine.pdf:C\:\\Users\\Matthew\\AppData\\Roaming\\Zotero\\Zotero\\Profiles\\emc4gks2.default\\zotero\\storage\\8F4FUU2Z\\Ikegami - 2013 - A design for living technology Experiments with the mind time machine.pdf:application/pdf},
  pmid = {23373976}
}

@article{Lungarella2003,
  title = {Developmental robotics: a survey},
  volume = {15},
  issn = {0954-0091},
  doi = {10.1080/09540090310001655110},
  timestamp = {2016-01-12T23:10:21Z},
  number = {4},
  journal = {Connection Science},
  author = {{Lungarella}, Max and {Metta}, Giorgio and {Pfeifer}, Rolf and {Sandini}, Giulio},
  year = {2003},
  keywords = {development,embodied cognitive science,robotics,synthetic methodology},
  pages = {151--190},
  file = {Lungarella et al. - 2003 - Developmental robotics a survey.pdf:C\:\\Users\\Matthew\\AppData\\Roaming\\Zotero\\Zotero\\Profiles\\emc4gks2.default\\zotero\\storage\\39CA7KVJ\\Lungarella et al. - 2003 - Developmental robotics a survey.pdf:application/pdf}
}

@inproceedings{Dragan2015,
  title = {Effects of {{Robot Motion}} on {{Human-Robot Collaboration}}},
  volume = {1},
  isbn = {978-1-4503-2883-8},
  doi = {10.1145/2696454.2696473},
  timestamp = {2016-01-13T08:30:28Z},
  booktitle = {Proceedings of the {{Tenth Annual ACM}}/{{IEEE International Conference}} on {{Human-Robot Interaction}} - {{HRI}} '15},
  author = {{Dragan}, Anca D and {Bauman}, Shira and {Forlizzi}, Jodi and {Srinivasa}, Siddhartha S},
  year = {2015},
  pages = {51--58},
  file = {Dragan et al. - 2015 - Effects of Robot Motion on Human-Robot Collaboration.pdf:C\:\\Users\\Matthew\\AppData\\Roaming\\Zotero\\Zotero\\Profiles\\emc4gks2.default\\zotero\\storage\\JQ4XQSTQ\\Dragan et al. - 2015 - Effects of Robot Motion on Human-Robot Collaboration.pdf:application/pdf}
}

@inproceedings{Tokic2010,
  address = {Karlsruhe, Germany},
  title = {Adaptive ε-greedy exploration in reinforcement learning based on value differences},
  isbn = {3-642-16110-3},
  doi = {10.1007/978-3-642-16111-7_23},
  timestamp = {2016-01-12T23:10:21Z},
  booktitle = {33rd {{Annual German Conference}} on {{AI}}},
  author = {{Tokic}, Michel},
  year = {2010},
  pages = {203--210},
  file = {Attachment:C\:\\Users\\Matthew\\AppData\\Roaming\\Zotero\\Zotero\\Profiles\\emc4gks2.default\\zotero\\storage\\2QAXK4F8\\Oudeyer et al. - 2014 - Understanding Interactive Systems(7).pdf:application/pdf}
}

@misc{CreeSpecs,
  title = {Cree 5mm {{Round LED}}},
  timestamp = {2016-01-13T01:01:44Z},
  urldate = {2016-01-05},
  publisher = {{Cree Inc.}},
  author = {{Cree Inc.}},
  year = {2011},
  file = {Cree 5mm Round LED C503C-WAS-WAN.pdf:C\:\\Users\\Matthew\\AppData\\Roaming\\Zotero\\Zotero\\Profiles\\emc4gks2.default\\zotero\\storage\\ZT7MQ8GN\\Cree 5mm Round LED C503C-WAS-WAN.pdf:application/pdf}
}

@misc{Minimaforms,
  title = {Petting {{Zoo FRAC Centre}}},
  timestamp = {2016-01-13T00:51:48Z},
  urldate = {2016-01-05},
  howpublished = {\url{http://minimaforms.com/petting-zoo-frac}},
  author = {{Minimaforms}}
}

@inproceedings{Oudeyer2005,
  address = {Stanford, California},
  title = {The playground experiment: {{Task}}-independent development of a curious robot},
  timestamp = {2016-01-12T23:10:21Z},
  booktitle = {In {{Proceedings}} of the {{AAAI Spring Symposium}} on {{Developmental Robotics}}},
  author = {{Oudeyer}, Pierre-Yves and {Kaplan}, Fr{\'e}d{\'e}ric and {Hafner}, Verena V. and {Whyte}, Andrew},
  year = {2005},
  pages = {42--47}
}

@article{Costello2005,
  title = {Understanding the experience of interactive art: {{Iamascope}} in {{Beta}}\_space},
  issn = {0968-7599, 1360-0508},
  doi = {10.1080/09687590903010933},
  timestamp = {2016-01-12T23:10:21Z},
  journal = {IE '05 Proceedings of the second Australasian conference on Interactive entertainment},
  author = {{Costello}, Brigid and {Muller}, Lizzie and {Amitani}, Shigeki and {Edmonds}, Ernest},
  year = {2005},
  pages = {49--56},
  file = {Attachment:C\:\\Users\\Matthew\\AppData\\Roaming\\Zotero\\Zotero\\Profiles\\emc4gks2.default\\zotero\\storage\\86IE2Q4U\\Costello - Understanding the Experience of Interactive Art Lamascope in betaspace.pdf:application/pdf}
}

@misc{FlexinolTechSpecs,
  title = {Technical {{Characteristics}} of {{Flexinol Actuator Wires}} ({{Rev}}. 12)},
  timestamp = {2016-01-13T00:41:13Z},
  urldate = {2016-01-05},
  publisher = {{Dynalloy Inc.}},
  author = {{Dynalloy Inc.}},
  file = {Technical Characteristics of Flexinol® Actuator Wires (Rev. 12).pdf:C\:\\Users\\Matthew\\AppData\\Roaming\\Zotero\\Zotero\\Profiles\\emc4gks2.default\\zotero\\storage\\WICCWUDV\\Technical Characteristics of Flexinol® Actuator Wires (Rev. 12).pdf:application/pdf}
}

@inproceedings{Edmonds2004,
  title = {Approaches to interactive art systems},
  isbn = {1-58113-883-0},
  doi = {10.1145/988834.988854},
  timestamp = {2016-01-12T23:10:21Z},
  booktitle = {Proceedings of the 2nd international conference on {{Computer}} graphics and interactive techniques in {{Austalasia}} and {{Southe East Asia GRAPHITE}} 04},
  author = {{Edmonds}, Ernest and {Turner}, Greg and {Candy}, Linda},
  year = {2004},
  pages = {113--117},
  file = {Edmonds, Turner, Candy - 2004 - Approaches to interactive art systems.pdf:C\:\\Users\\Matthew\\AppData\\Roaming\\Zotero\\Zotero\\Profiles\\emc4gks2.default\\zotero\\storage\\4ZJD8VJC\\Edmonds, Turner, Candy - 2004 - Approaches to interactive art systems.pdf:application/pdf}
}

@inproceedings{Kompella2014,
  title = {Explore to see, learn to perceive, get the actions for free: {{SKILLABILITY}}},
  isbn = {978-1-4799-1484-5},
  doi = {10.1109/IJCNN.2014.6889784},
  timestamp = {2016-01-12T23:10:21Z},
  booktitle = {2014 {{International Joint Conference}} on {{Neural Networks}} ({{IJCNN}})},
  author = {{Kompella}, Varan R and {Stollenga}, Marijn F and {Luciw}, Matthew D and {Schmidhuber}, J{\"u}rgen},
  year = {2014},
  pages = {2705--2712}
}

@incollection{Cios1997,
  title = {The handbook of brain theory and neural networks},
  volume = {16},
  isbn = {0-262-01148-4 978-0-262-01148-8},
  timestamp = {2016-01-12T23:10:21Z},
  booktitle = {Neurocomputing},
  publisher = {{MIT Press}},
  author = {{Cios}, Krzysztof J. and {Shields}, Mark E.},
  year = {1997},
  pages = {259--261},
  pmid = {5004602}
}

@article{Asada2009,
  title = {Cognitive {{Developmental Robotics}} : {{A Survey}}},
  volume = {1},
  issn = {19430604},
  doi = {10.1109/TAMD.2009.2021702},
  timestamp = {2016-01-12T23:25:16Z},
  number = {1},
  journal = {IEEE Transactions on Autonomous Mental Development},
  author = {{Asada}, Minoru and {Hosoda}, Koh and {Kuniyoshi}, Yasuo and {Ishiguro}, Hiroshi and {Inui}, Toshio and {Yoshikawa}, Yuichiro and {Ogino}, Masaki and {Yoshida}, Chisato},
  year = {2009},
  pages = {12 -- 34},
  file = {Attachment:C\:\\Users\\Matthew\\AppData\\Roaming\\Zotero\\Zotero\\Profiles\\emc4gks2.default\\zotero\\storage\\SRTBHHV8\\Oudeyer et al. - 2014 - Understanding Interactive Systems(3).pdf:application/pdf}
}

@article{Bedau2000,
  title = {Open problems in artificial life},
  volume = {6},
  issn = {1064-5462},
  doi = {10.1162/106454600300103683},
  timestamp = {2016-01-12T23:10:21Z},
  number = {4},
  journal = {Artificial life},
  author = {{Bedau}, Mark A and {McCaskill}, John S. and {Packard}, Norman H. and {Rasmussen}, Steen and {Adami}, Chris and {Green}, David G. and {Ikegami}, Takashi and {Kaneko}, Kunihiko and {Ray}, Thomas S.},
  year = {2000},
  keywords = {artificial,artificial life,autopoeisis,digital life,emergence,evolution,self-organi-,self-replication,zation},
  pages = {363--376},
  file = {Attachment:C\:\\Users\\Matthew\\AppData\\Roaming\\Zotero\\Zotero\\Profiles\\emc4gks2.default\\zotero\\storage\\GG2DE7A3\\Oudeyer et al. - 2014 - Understanding Interactive Systems.pdf:application/pdf},
  pmid = {11348587}
}

@article{Drummond2009,
  title = {Understanding {{Interactive Systems}}},
  volume = {14},
  issn = {1355-7718},
  doi = {10.1017/S1355771809000235},
  timestamp = {2016-01-12T23:10:21Z},
  number = {02},
  journal = {Organised Sound},
  author = {{Drummond}, Jon},
  year = {2009},
  pages = {124},
  file = {Drummond - 2014 - Understanding Interactive Systems.pdf:C\:\\Users\\Matthew\\AppData\\Roaming\\Zotero\\Zotero\\Profiles\\emc4gks2.default\\zotero\\storage\\E2V25CI9\\Drummond - 2014 - Understanding Interactive Systems.pdf:application/pdf}
}

@article{Oudeyer2007,
  title = {Intrinsic {{Motivation Systems}} for {{Autonomous Mental Development}}},
  volume = {11},
  issn = {1089-778X},
  doi = {10.1109/TEVC.2006.890271},
  timestamp = {2016-01-12T23:10:21Z},
  number = {2},
  journal = {IEEE Transactions on Evolutionary Computation},
  author = {{Oudeyer}, Pierre-Yves and {Kaplan}, Fr{\'e}d{\'e}ric and {Hafner}, Verena V.},
  year = {2007},
  pages = {265--286},
  file = {Oudeyer - Intrinsic Motivation Systems for Autonomous Mental Development.pdf:C\:\\Users\\Matthew\\AppData\\Roaming\\Zotero\\Zotero\\Profiles\\emc4gks2.default\\zotero\\storage\\GZRVDQ4F\\Oudeyer - Intrinsic Motivation Systems for Autonomous Mental Development.pdf:application/pdf}
}

@inproceedings{AncaDraga2014,
  title = {An {{Analysis}} of {{Deceptive Robot Motion}}},
  timestamp = {2016-01-13T08:30:38Z},
  booktitle = {Robotics: {{Science}} and {{Systems}}},
  author = {{Dragan}, Anca and {Holladay}, Rachel and {Srinivasa}, Siddhartha},
  year = {2014},
  pages = {10},
  file = {Anca Draga, Holladay, Srinivasa - 2014 - An Analysis of Deceptive Robot Motion.pdf:C\:\\Users\\Matthew\\AppData\\Roaming\\Zotero\\Zotero\\Profiles\\emc4gks2.default\\zotero\\storage\\S5TQQ8XA\\Anca Draga, Holladay, Srinivasa - 2014 - An Analysis of Deceptive Robot Motion.pdf:application/pdf}
}

@article{Bridgeman2007,
  title = {Efference copy and its limitations},
  volume = {37},
  issn = {00104825},
  doi = {10.1016/j.compbiomed.2006.07.001},
  timestamp = {2016-01-12T23:10:21Z},
  number = {7},
  journal = {Computers in Biology and Medicine},
  author = {{Bridgeman}, Bruce},
  year = {2007},
  pages = {924--929},
  file = {Bridgeman - Efference copy and its limitations.pdf:C\:\\Users\\Matthew\\AppData\\Roaming\\Zotero\\Zotero\\Profiles\\emc4gks2.default\\zotero\\storage\\XQXR38J8\\Bridgeman - Efference copy and its limitations.pdf:application/pdf}
}

@misc{Hangar.org,
  title = {Interactive {{Environment}}},
  timestamp = {2016-01-13T00:49:21Z},
  urldate = {2016-01-12},
  howpublished = {\url{https://www.hangar.org/docs/docs_lab/IA.pdf}},
  journal = {Hangar.org},
  author = {{Hangar.org}}
}

@article{Silvia2005,
  title = {What {{Is Interesting}}? {{Exploring}} the {{Appraisal Structure}} of {{Interest}}},
  volume = {5},
  issn = {1931-1516},
  doi = {10.1037/1528-3542.5.1.89},
  timestamp = {2016-01-13T01:07:18Z},
  number = {1},
  journal = {Emotion},
  author = {{Silvia}, Paul J.},
  year = {2005},
  pages = {89--102},
  file = {Paul Silvia - What is Interesting Exploring the Appraisal structure of interest.pdf:C\:\\Users\\Matthew\\AppData\\Roaming\\Zotero\\Zotero\\Profiles\\emc4gks2.default\\zotero\\storage\\C67QUF3G\\Paul Silvia - What is Interesting Exploring the Appraisal structure of interest.pdf:application/pdf}
}

@article{Gielniak2013,
  title = {Generating human-like motion for robots},
  volume = {32},
  issn = {0278-3649},
  doi = {10.1177/0278364913490533},
  timestamp = {2016-01-12T23:10:21Z},
  number = {11},
  journal = {The International Journal of Robotics Research},
  author = {{Gielniak}, Michael J. and {Liu}, Karen and {Thomaz}, Andrea L.},
  year = {2013},
  pages = {1275--1301},
  file = {Gielniak, Liu, Thomaz - 2013 - Generating human-like motion for robots.pdf:C\:\\Users\\Matthew\\AppData\\Roaming\\Zotero\\Zotero\\Profiles\\emc4gks2.default\\zotero\\storage\\GRHP2PN7\\Gielniak, Liu, Thomaz - 2013 - Generating human-like motion for robots.pdf:application/pdf}
}

@misc{JoulesLaw,
  title = {Joule's law},
  timestamp = {2016-01-13T00:47:05Z},
  urldate = {2016-01-05},
  publisher = {{Encyclopedia Britannica}},
  editor = {{Encyclopedia Britannica}},
  year = {2016},
  keywords = {article,britannica,encyclopaedia,encyclopedia,Joule's law}
}

@book{Burmeister1993,
  title = {Convective {{Heat Transfer}}},
  isbn = {0-471-57709-X},
  timestamp = {2016-01-12T23:10:21Z},
  publisher = {{John Wiley \& Sons}},
  author = {{Burmeister}, Louis C.},
  year = {1993}
}

@article{Silvia2008,
  title = {Interest - {{The}} curious emotion},
  volume = {17},
  issn = {09637214},
  doi = {10.1111/j.1467-8721.2008.00548.x},
  timestamp = {2016-01-13T01:03:54Z},
  number = {1},
  journal = {Current Directions in Psychological Science},
  author = {{Silvia}, Paul J.},
  year = {2008},
  keywords = {Curiosity,Emotion,Exploration,Interest,Learning},
  pages = {57--60},
  file = {Paul Silvia - Interest - The Curious Emotion.pdf:C\:\\Users\\Matthew\\AppData\\Roaming\\Zotero\\Zotero\\Profiles\\emc4gks2.default\\zotero\\storage\\6963RGGW\\Paul Silvia - Interest - The Curious Emotion.pdf:application/pdf}
}

@inproceedings{Chan2015,
  address = {Hamburg Germany},
  title = {Curiosity-{{Based Learning Algorithm}} for {{Distributed Interactive Sculptural Systems}}},
  isbn = {978-1-4799-9993-4},
  timestamp = {2016-01-12T23:10:21Z},
  booktitle = {2015 {{IEEE}}/{{RSJ International Conference}} on {{Intelligent Robots}} and {{Systems}} ({{IROS}})},
  author = {{Chan}, Matthew T K and {Gorbet}, Rob and {Beesley}, Philip and {Kuli{\'c}}, Dana},
  year = {2015},
  keywords = {intrinsic motivation,Learning,reinforcement,robots and embodied art},
  pages = {3435--3441},
  file = {Attachment:C\:\\Users\\Matthew\\AppData\\Roaming\\Zotero\\Zotero\\Profiles\\emc4gks2.default\\zotero\\storage\\H26B57AB\\ChanIROS2015.pdf:application/pdf}
}

@article{Gorbet2015,
  title = {Evolving {{Systems}} within {{Immersive Architectural Environments}}: {{New Research}} by the {{Living Architecture Systems Group}}},
  timestamp = {2016-01-12T23:10:21Z},
  journal = {Next Generation Building},
  author = {{Gorbet}, Rob and {Memarian}, Mo and {Chan}, Matthew and {Kulic}, Dana and {Beesley}, Philip},
  year = {2015},
  keywords = {curiosity-based learning algorithms,human-computer interaction,living architecture,machine learning,responsive architecture},
  file = {Attachment:C\:\\Users\\Matthew\\AppData\\Roaming\\Zotero\\Zotero\\Profiles\\emc4gks2.default\\zotero\\storage\\MHU9CFSW\\Oudeyer et al. - 2014 - Understanding Interactive Systems(6).pdf:application/pdf}
}

@book{Beesley2010-1,
  address = {Toronto, Ontario, Canada},
  title = {Hylozoic {{Ground}}: {{Liminal Responsive Architecture}}},
  isbn = {978-1-926724-02-7},
  timestamp = {2016-01-12T23:10:21Z},
  publisher = {{Riverside Architectural Press}},
  author = {{Beesley}, Philip and {Gorbet}, Rob and {Ohrstedt}, Pernilla and {Isaacs}, Hayley},
  year = {2010}
}

@article{Tibshirani1996,
  title = {Regression {{Shrinkage}} and {{Selection}} via the {{Lasso}}},
  volume = {58},
  timestamp = {2016-01-12T23:10:21Z},
  number = {1},
  journal = {Journal of the Royal Statistical Society. Series B (Methodological)},
  author = {{Tibshirani}, Robert},
  year = {1996},
  pages = {267--288},
  file = {Tibshirani - 1996 - Regression Shrinkage and Selection via the Lasso.pdf:C\:\\Users\\Matthew\\AppData\\Roaming\\Zotero\\Zotero\\Profiles\\emc4gks2.default\\zotero\\storage\\57CA9FGB\\Tibshirani - 1996 - Regression Shrinkage and Selection via the Lasso.pdf:application/pdf}
}

@inproceedings{Beazley2010,
  address = {Atlanta, Gerogia, USA},
  title = {Understanding the {{Python GIL}}},
  timestamp = {2016-01-12T23:10:21Z},
  booktitle = {{{PyCON Python Conference}} 2010},
  author = {{Beazley}, David},
  year = {2010},
  file = {Beazley - 2010 - Understanding the Python GIL.pdf:C\:\\Users\\Matthew\\AppData\\Roaming\\Zotero\\Zotero\\Profiles\\emc4gks2.default\\zotero\\storage\\ED6D9UGE\\Beazley - 2010 - Understanding the Python GIL.pdf:application/pdf}
}

@misc{PBAISeoul2013,
  title = {{{MMCA Epiphyte Chamber}}},
  language = {English},
  timestamp = {2016-01-16T22:53:48Z},
  urldate = {2016-01-15},
  howpublished = {\url{http://philipbeesleyarchitect.com/sculptures/1312_MMCA_Epiphyte-Chamber/index.php}},
  journal = {Philip Beesley Architect Inc.},
  collaborator = {{Philip Beesley Architect Inc.}},
  year = {2013}
}


